
@MANUAL{fichaIntel,
  title        = {Intel® 64 and IA-32 Architectures Software Developer’s Manual},
  author       = {Intel Corporation}, 
  organization = {},
  address      = {},
  edition      = {},
  month        = 10,
  year         = 2019,
  note         = {This document contains all four volumes of the Intel 64 and IA-32 Architectures Software Developer's Manual: Basic Architecture; Instruction Set Reference A-Z; System Programming Guide; Model-Specific Registers.}
}

@article{hyperthreading,
  author  = {Deborah T. Marr},
  title   = {Hyper-Threading Technology Architecture and Microarchitecture},
  journal = {},
  year    = 2002,
  number  = {},
  pages   = {1-12},
  month   = {}},
  note    = {}, 
  volume  = 1
}

@article{article,
  author  = {Peter Adams}, 
  title   = {The title of the work},
  journal = {The name of the journal},
  year    = 1993,
  number  = 2,
  pages   = {201-213},
  month   = 7,
  note    = {An optional note}, 
  volume  = 4
}

@MANUAL{fichaIntelISA,
  title        = {Intel® Architecture Instruction Set Extensions and Future Features Programming Reference},
  author       = {Intel Corporation}, 
  organization = {},
  address      = {},
  edition      = {},
  month        = 3,
  year         = 2019,
  note         = {}
}

@ELECTRONIC{aulaUFRJ,
  author        = {Gabriel P. Silva},
  year          = {2009},
  title         = {Arquiteturas Superescalares},
  howpublished  = {https://dcc.ufrj.br/~gabriel/arqcomp2/Superscalar.pdf},
  note          = {Acesso: 10 Novembro 2019},
  owner         = {jyun},
  timestamp     = {2019.11.10}
}

@ELECTRONIC{histIntel,
  author        = {Intel Corporation},
  year          = {2011},
  title         = {Primeiro processador do mundo, o Intel® 4004, comemora seu 40º aniversário},
  howpublished  = {https://newsroom.intel.com.br/news-releases/primeiro-processador-do-mundo-o-intel-4004-comemora-seu-40o-aniversario/#gs.he7q5e},
  note          = {Acesso: 10 Novembro 2019},
  owner         = {jyun},
  timestamp     = {2019.11.10}
}

@ELECTRONIC{compare,
  author        = {PassMark Software},
  year          = {2019},
  title         = {Intel Core i7-7700 @ 3.60GHz},
  howpublished  = {https://www.cpubenchmark.net/cpu.php?cpu=Intel+Core+i7-7700+%40+3.60GHz&id=2905},
  note          = {Acesso: 10 Novembro 2019},
  owner         = {jyun},
  timestamp     = {2019.11.10}
}


@article{articleSC,
  author  = {P.Sangeetha, Mrs. M. Mythili}, 
  title   = {FEATURES OF INTEL CORE i7 PROCESSORS},
  journal = {International Journal of Engineering Research and General Science},
  year    = 2015,
  number  = 2,
  pages   = {1-6},
  month   = 4,
  volume  = 3
}

http://download.intel.com/pressroom/kits/corei7/pdf/Core%20i7%

@comment{jabref-meta: selector_publisher:}

@comment{jabref-meta: selector_author:}

@comment{jabref-meta: selector_journal:}

@comment{jabref-meta: selector_keywords:}

